@book{Beckert.2012,
 keywords={primary},
 author = {Beckert, André and Beckert, Sebastian and Escherich, Bernhard},
 year = {2012},
 title = {Mobile L{\"o}sungen mit SAP},
 shorttitle = {Mobile SAP},
 address = {Bonn},
 edition = {1},
 publisher = {Galileo Press},
 isbn = {978-3836219310},
 pages = {4}
}

@book{Tanenbaum.2003,
 keywords={primary},
 author = {Tanenbaum, Andrew},
 year = {2003},
 title = {Computernetzwerke},
 shorttitle = {Netzwerke},
 address = {M{\"u}nchen},
 edition = {4},
 publisher = {Pearson Studium},
 isbn = {978-3827370464},
 pages = {69-98}
}

@book{Balzert.2008,
 keywords={primary},
 author = {Balzert, Helmut and Bendisch, Roman and Kern, Uwe and Sch{\"a}fer, Christian and Schr{\"o}der, Marion and Zeppenfeld, Klaus},
 year = {2008},
 title = {Wissenschaftliches Arbeiten: Wissenschaft, Quellen, Artefakte, Organisation, Pr{\"a}sentation},
 shorttitle = {Wissenschaftliches Arbeiten},
 address = {Herdecke},
 publisher = {W3L-Verl.},
 isbn = {978-3937137599},
 series = {Soft skills},
 pages = {69}
}

@online{website:angular:aboutAngular,
	title = "AngularJS - Was ist Angular?",
	author = "Sascha Brink",
	year = "2014",
	url = "https://angularjs.de/buch/was-ist-angularjs",
	note = "05.04.2015, 19:25"
}

@online{website:andyGitHub:andysTemplate,
	title = {FOM-LaTeX-Template},
	author = {Andy Grünwald},
	year = {2015},
	url = {https://github.com/andygrunwald/FOM-LaTeX-Template},
	note = {05.04.2015, 19:25}
}